@book{distributedsystems,
 author = {Coulouris, George and Dollimore, Jean and Kindberg, Tim and Blair, Gordon},
 title = {Distributed Systems: Concepts and Design},
 year = {2011},
 isbn = {0132143011, 9780132143011},
 edition = {5th},
 publisher = {Addison-Wesley Publishing Company},
 address = {USA},
} 

@article{newdirections,
 author = {Diffie, W. and Hellman, M.},
 title = {New Directions in Cryptography},
 journal = {IEEE Trans. Inf. Theor.},
 issue_date = {November 1976},
 volume = {22},
 number = {6},
 month = sep,
 year = {2006},
 issn = {0018-9448},
 pages = {644--654},
 numpages = {11},
 url = {http://dx.doi.org/10.1109/TIT.1976.1055638},
 doi = {10.1109/TIT.1976.1055638},
 acmid = {2269104},
 publisher = {IEEE Press},
 address = {Piscataway, NJ, USA},
} 
